@ARTICLE{ahsan11,
    author="Nasir Ahsan and Stefan B. Williams and Oscar Pizarro",
    title= "Robust Broad-Scale Benthic Habitat Mapping when Training Data is Scarce",
    year="2011"
}

@ARTICLE{bender12,
    author="Asher Bender and Stefan B. and Williams and Oscar Pizarro",
    title="Classification with Probabilistic Targets",
    year="2012"
}

@ARTICLE{calvert15,
    author="Calvert, J. and Strong, J.A. and McGonigle, C. and Quinn, R.",
    title="An evaluation of supervised and unsupervised classification techniques for marine benthic habitat mapping using multibeam echosounder data",
    journal="ICES Journal of Marine Science: Journal du Conseil",
    volume="72",
    issue="5",
    pages="1498--1513",
    year="2015"
}

@ARTICLE{cjbrown11,
    author="CJ. Brown et al.",
    title="Benthic habitat mapping: A review of progress towards improved understanding of the spatial ecology of the seafloor using acoustic techniques",
    journal="Estuarine, Coastal and Shelf Science",
    volume="92",
    year="2011"
}

@ARTICLE{hasan14,
    author="Rozaimi Che Hasan and Daniel Ierodiaconou and Laurie Laurenson and Alexandre Schimel",
    title="Integrating Multibeam Backscatter Angular Response, Mosaic and Bathymetry Data for Benthic Habitat Mapping",
    journal="PLoS ONE",
    volume="9",
    issue="5",
    year="2014"
}
        
@ARTICLE{henriques14,
    author="Victor Henriques and Miriam Tuaty Guerra and Beatriz Mendes and Maria Jose Gaudencio and Paulo Fonseca",
    title="Benthic habitat mapping in a Portuguese Marine Protected Area using EUNIS: An integrated approach",
    year="2014"
}

@ARTICLE{hughes03,
    author="Clarke, J.E.H.",
    title="Dynamic motion residuals in swath sonar data: Ironing out the creases",
    journal="The International hydrographic review",
    volume="4",
    issue="1",
    year="2003"
}

@ARTICLE{kostylev12,
    author="Vladimir Kostylev",
    title="Benthic habitat mapping from seabed acoustic surveys: do implicit assumptions hold?",
    year="2012"
}

@ARTICLE{lucieer13,
    author="Vanessa Lucieera and Nicole A. Hilla and Neville S. Barretta and Scott Nichol",
    title="Do marine substrates ‘look’ and ‘sound’ the same? Supervised classification of multibeam acoustic data using autonomous underwater vehicle images",
    journal="Estuarine, Coastal and Shelf Science",
    pages="94--106",
    volume="117",
    year="2013"
}

@ARTICLE{micallef12,
    author="Aaron Micallef and Timothy P. Le Bas and Veerle A.I. Huvenne and Philippe Blondel and Veit Huhnerbach and Alan deidun",
    title="A multi-method approach for benthic habitat mapping of shallow costal areas with high-resolution multibeam data",
    journal="Continental Shelf Research",
    pages="14--26",
    year="2012"
}

@ARTICLE{rattray14,
    author="A. Rattray and D. Ierodiaconou and J. Monk, L. J. B. Laurenson and P. Kennedy",
    title="Quantification of Spatial and Thematic Uncertainty in the Application of Underwater Video for Benthic Habitat Mapping",
    journal="Marine Geodesy",
    volume="37",
    issue="3",
    pages="315--336",
    year="2014"
}

@ARTICLE{rigby10,
    author="Paul Rigby and Oscar Pizarro and Stefan B. Williams",
    title="Toward adaptive benthic habitat mapping using gaussian process classification",
    journal="Journal of Field Robotics",
    volume="27",
    issue="6",
    pages="741--758",
    year="2010"
}

@ARTICLE{snelgrove94,
    author="Paul V R Snelgrove",
    title="Animal-sediment relationships revisited: Cause Versus Effect",
    journal="Oceanography and marine biology",
    year="1994"
}

@inproceedings{steinberg11,
    author="Steinberg, D. and Friedman, A. and Pizarro, O. and Williams and S.B.",
    title="A Bayesian nonparametric approach to clustering data from underwater robotic surveys",
    publisher="International Symposium on Robotics Research",
    year="2011"
}

@misc{NOAA,
    author="NOAA",
    title="Exploration, Oceanwater",
}

